/home/apoelstra/texmf/asp.bib